@incollection{Bengio+chapter2007,
author = {Bengio, Yoshua and LeCun, Yann},
booktitle = {Large Scale Kernel Machines},
publisher = {MIT Press},
title = {Scaling Learning Algorithms Towards {AI}},
year = {2007}
}

@article{Bollen,
author = {Bollen, Johan and Mao, Huina and Zeng, Xiao-Jun},
journal = {Journal of Computational Science},
pages = {1--8},
title= {Twitter mood predicts the stock market},
volume = {2},
year = {2011}
}

@inproceedings{Flaxman-15,
author = {Flaxman, Seth and Wang, Yu-Xiang and Smola, Alexander},
title = {Who Supported Obama in 2012? Ecological Inference through Distribution Regression},
booktitle = {KDD},
year = {2015}
}

@misc{Flaxman-16,
author = {Flaxman, Seth and Kassam, Karim},
title = {On \#agony and \#ecstasy: Potential and pitfalls of linguistic sentiment analysis},
howpublished = {In preparation},
year = {2016}
}

@article{Hinton06,
author = {Hinton, Geoffrey E. and Osindero, Simon and Teh, Yee Whye},
journal = {Neural Computation},
pages = {1527--1554},
title = {A Fast Learning Algorithm for Deep Belief Nets},
volume = {18},
year = {2006}
}

@inproceedings{Hochreiter-97,
author = {Hochreiter, Sepp and Schmidhuber, Jurgen},
title = {Long Short-Term Memory},
booktitle = {Neural Computation},
year = {1997}
}

@inproceedings{McGurk-76,
author = {McGurk, Harry and MacDonald, John},
title = {Hearing lips and seeing voices},
booktitle = {Nature},
year = {1976}
}

@inproceedings{Mikolov-13,
author = {Mikolov, Tomas and Chen, Kai and Corrado, Greg and Dean, Jeffrey},
title = {Efficient Estimation of Word Representations in Vector Space},
booktitle = {ICLR},
year = {2013}
}

@inproceedings{PANAS-X,
  title={The PANAS-X: Manual for the Positive and Negative Affect Schedule - Expanded Form},
  author={Watson, David and Clark, Lee Anna},
  year={1999}
}

@inproceedings{Pennington-14,
author = {Pennington, Jeffrey and Socher, Richard and Manning, Christopher D.},
title = {GloVe: Global Vectors for Word Representation},
booktitle = {Empirical Methods in Natural Language Processing (EMNLP)},
year = {2014}
}

@inproceedings{Radford-16,
author = {Radford, Alec and Metz, Luke and Chintala, Soumith},
title = {Unsupervised Representation Learning with Deep Convolutional Generative Adversarial Networks},
booktitle = {ICLR},
year = {2016}
}

@inproceedings{Szegedy-15,
author = {Szegedy, Christian and Liu, Wei and Jia, Yangqing and Sermanet, Pierre and Reed, Scott and Anguelov, Dragomir and Erhan, Dumitru and Vanhoucke, Vincent and Rabinovich, Andrew},
title = {Going Deeper with Convolutions},
booktitle = {CVPR},
year  = 2015
}